@inproceedings{glorot2011deep,
  title={Deep Sparse Rectifier Networks},
  author={Glorot, X. and Bordes, A. and Bengio, Y.},
  booktitle={International Conference on Artificial Intelligence and Statistics. JMLR W\&CP:},
  volume={15},
  pages={315--323},
  year={2011}
}


@inproceedings{kbp2016iflytek,
	title={The {USTC\_NELSLIP} Systems for Trilingual Entity Detection and Linking Tasks at {TAC KBP} 2016},
	author={Dan Liu and Wei Lin and Shiliang Zhang and  Si Wei and  Hui Jiang},
	booktitle={Proceedings of Text Analysis Conference (TAC2016)},
	year={2016}
}

@inproceedings{kbpoverview2015,
	title={Overview of TAC-KBP2015 Tri-lingual Entity Discovery and Linking},
	author={Heng Ji and Joel Nothman and Ben Hachey},
	booktitle={Proceedings of Text Analysis Conference (TAC2015)},
	year={2015}
}

%% 89.28, BLSTM, CRF
%% CBoW, cap, POS
@article{rondeau2016lstm,
  title={{LSTM}-Based NeuroCRFs for Named Entity Recognition},
  author={Rondeau, Marc-Antoine and Su, Yi},
  journal={Interspeech 2016},
  pages={665--669},
  year={2016}
}

%% 91.62, BLSTM, CNN, CRF
%% char-cnn, senna
%% they tried caps but result degraded
@article{chiu2016named,
	title={Named entity recognition with bidirectional {LSTM-CNN}s},
	author={Chiu, Jason PC and Nichols, Eric},
	journal={Transactions of the Association for Computational Linguistics},
	volume={4},
	pages={357--370},
	year={2016}
}

%% 90.10, BLSTM, CRF
%% super hand-crafted spelling features, senna, bigram, trigram
@article{huang2015bidirectional,
	title={Bidirectional {LSTM-CRF} models for sequence tagging},
	author={Huang, Zhiheng and Xu, Wei and Yu, Kai},
	journal={arXiv preprint arXiv:1508.01991},
	year={2015}
}

%% 89.59, CNN, CRF
%% senna, gaz
@article{collobert2011natural,
	title={Natural language processing (almost) from scratch},
	author={Collobert, Ronan and Weston, Jason and Bottou, L{\'e}on and Karlen, Michael and Kavukcuoglu, Koray and Kuksa, Pavel},
	journal={Journal of Machine Learning Research},
	volume={12},
	number={Aug},
	pages={2493--2537},
	year={2011}
}

%% general RNN paper
@incollection{graves2012neural,
	title={Neural Networks},
	author={Graves, Alex},
	booktitle={Supervised Sequence Labelling with Recurrent Neural Networks},
	pages={15--35},
	year={2012},
	publisher={Springer}
}

%% FOFE
@inproceedings{zhang2015fixed,
	title={The fixed-size ordinally-forgetting encoding method for neural network language models},
	author={Zhang, Shiliang and Jiang, Hui and Xu, Mingbin and Hou, Junfeng and Dai, Lirong},
	booktitle={Proceedings of ACL},
	year={2015}
}

%% FSMN
@article{zhang2016compact,
	title={Compact Feedforward Sequential Memory Networks for Large Vocabulary Continuous Speech Recognition},
author={Zhang, Shiliang and Jiang, Hui and Xiong, Shifu and Wei, Si and Dai, Lirong},
journal={Interspeech 2016},
pages={3389--3393},
year={2016}
}

%% CharWNN
@inproceedings{dos2015boosting,
	title={Boosting named entity recognition with neural character embeddings},
	author={dos Santos, C{\i}cero and Guimaraes, Victor and Niter{\'o}i, RJ and de Janeiro, Rio},
	booktitle={Proceedings of NEWS 2015 The Fifth Named Entities Workshop},
	pages={25},
	year={2015}
}

%% wikiNER
@article{nothman2013learning,
	title={Learning multilingual named entity recognition from Wikipedia},
	author={Nothman, Joel and Ringland, Nicky and Radford, Will and Murphy, Tara and Curran, James R},
	journal={Artificial Intelligence},
	volume={194},
	pages={151--175},
	year={2013},
	publisher={Elsevier}
}

%% 88.76, 4-classifer emsemble
%% CoNLL2003 best result 
@inproceedings{florian2003named,
	title={Named entity recognition through classifier combination},
	author={Florian, Radu and Ittycheriah, Abe and Jing, Hongyan and Zhang, Tong},
	booktitle={Proceedings of the seventh conference on Natural language learning at HLT-NAACL 2003-Volume 4},
	pages={168--171},
	year={2003},
	organization={Association for Computational Linguistics}
}


%% word2vec
@inproceedings{mikolov2013distributed,
	title={Distributed representations of words and phrases and their compositionality},
	author={Mikolov, Tomas and Sutskever, Ilya and Chen, Kai and Corrado, Greg S and Dean, Jeff},
	booktitle={Advances in neural information processing systems},
	pages={3111--3119},
	year={2013}
}


%% conll2003 overview
@inproceedings{tjong2003introduction,
	title={Introduction to the CoNLL-2003 shared task: Language independent named entity recognition.},
	author={Erik F Tjong Kim Sang and Fien De Meulder},
	booktitle={Proceedings of the Seventh Conference on Natural Language Learning at HLT-NAACL 2003,},
	pages={142â€“147},
	year={2003}
}

%% universal approximator
@article{hornik1991approximation,
	title={Approximation capabilities of multilayer feedforward networks},
	author={Hornik, Kurt},
	journal={Neural networks},
	volume={4},
	number={2},
	pages={251--257},
	year={1991},
	publisher={Elsevier}
}


%% cnn used in our work
@article{kim2015character,
	title={Character-aware neural language models},
	author={Kim, Yoon and Jernite, Yacine and Sontag, David and Rush, Alexander M},
	journal={arXiv preprint arXiv:1508.06615},
	year={2015}
}